%% This BibTeX bibliography file was created using BibDesk.
%% http://bibdesk.sourceforge.net/


%% Created for Spyros Ioakeimidis at 2012-09-21 12:21:49 +0200 


%% Saved with string encoding Unicode (UTF-8) 



@article{Ledung:2010wq,
	Author = {Ledung, Gabriel and Andersson, Johan},
	Date-Added = {2012-09-21 09:27:00 +0000},
	Date-Modified = {2012-09-21 09:27:00 +0000},
	Title = {{Darknet file sharing : application of a private peer-to-peer distributed file system concept}},
	Year = {2010}}

@webpage{Colony:2009fs,
	Author = {Christopher Nolan},
	Date-Added = {2012-09-21 09:14:42 +0000},
	Date-Modified = {2012-09-21 09:17:11 +0000},
	Lastchecked = {21/09/2012},
	Title = {ColonyFS: A Peer-to-Peer Filesystem},
	Url = {https://launchpad.net/colonyfs}}

@book{Busca:2005gt,
	Address = {Berlin, Heidelberg},
	Author = {Busca, Jean-Michel and Picconi, Fabio and Sens, Pierre},
	Date-Added = {2012-09-21 08:43:39 +0000},
	Date-Modified = {2012-09-21 08:43:44 +0000},
	Publisher = {Springer Berlin Heidelberg},
	Title = {{Pastis: A Highly-Scalable Multi-user Peer-to-Peer File System}},
	Volume = {3648},
	Year = {2005}}

@article{Muthitacharoen:2002iv,
	Author = {Muthitacharoen, Athicha and Morris, Robert and Gil, Thomer M and Chen, Benjie},
	Date-Added = {2012-09-21 08:42:33 +0000},
	Date-Modified = {2012-09-21 08:42:33 +0000},
	Journal = {ACM SIGOPS Operating Systems Review},
	Month = dec,
	Number = {SI},
	Pages = {31},
	Title = {{Ivy: A Read/Write Peer-to-Peer File System}},
	Volume = {36},
	Year = {2002}}
